
@inproceedings{jaques2012,
  title={Computa{\c{c}}ao afetiva aplicada a educa{\c{c}}ao: Dotando sistemas tutores inteligentes de habilidades sociais},
  author={Jaques, Patr{\'\i}cia A and Nunes, Maria Augusta SN and Isotani, Seiji and Bittencourt, Ig},
  booktitle={Anais do Workshop de Desafios da Computa{\c{c}}{\~a}o Aplicada {\`a} Educa{\c{c}}{\~a}o},
  pages={50--59},
  year={2012}
}

@book{ekman1994,
  title={The nature of emotion: Fundamental questions.},
  author={Ekman, Paul Ed and Davidson, Richard J},
  year={1994},
  publisher={Oxford University Press}
}